@misc{Worldpop,
	author={{GeoData Institute, University of Southampton}},
	title={Africa population count data},
	year={2015},
	url={www.worldpop.org},
	urldate = {2018-08-01}
}

@article{CHAOUKI20131043,
	title = {Study of the {{Behavior}} of {{Some Pollutants}} and the {{Vulnerability}} to {{Chemical Contamination}} of {{Groundwater}} in the {{Region}} of {{Ouargla}} ({{Southeast Algeria}})},
	volume = {36},
	issn = {1876-6102},
	url = {http://www.sciencedirect.com/science/article/pii/S1876610213012058},
	doi = {10.1016/j.egypro.2013.07.119},
	journal = {Energy Procedia},
	year = {2013},
	pages = {1043-1049},
	keywords = {contamination index,Ouargla,Pollutants behavior,water},
	author = {Chaouki, M. and Zeddouri, A. and Hadj-Said, S.},
	note = {TerraGreen 13 International Conference 2013 - Advancements in Renewable Energy and Clean Environment}
}

@misc{AlgeriaElectricityHeat2016,
  title = {Algeria: {{Electricity}} and {{Heat}} for 2014},
  year = {2016},
  author = {{International Energy Agency (IEA)}},
  howpublished = {http://www.iea.org/statistics}
}

@misc{LibyaElectricityHeat2016,
  title = {Libya: {{Electricity}} and {{Heat}} for 2014},
  year = {2016},
  author = {{International Energy Agency (IEA)}},
  howpublished = {http://www.iea.org/statistics}
}

@misc{TunisiaElectricityHeat2016,
  title = {Tunisia: {{Electricity}} and {{Heat}} for 2014},
  year = {2016},
  author = {{International Energy Agency (IEA)}},
  howpublished = {http://www.iea.org/statistics}
}

@article{simpsonDevelopmentWaterEnergyFoodNexus2019,
  title = {The {{Development}} of the {{Water}}-{{Energy}}-{{Food Nexus}} as a {{Framework}} for {{Achieving Resource Security}}: {{A Review}}},
  shorttitle = {The {{Development}} of the {{Water}}-{{Energy}}-{{Food Nexus}} as a {{Framework}} for {{Achieving Resource Security}}},
  author = {Simpson, Gareth B. and Jewitt, Graham P. W.},
  year = {2019},
  volume = {7},
  issn = {2296-665X},
  doi = {10.3389/fenvs.2019.00008},
  journal = {Frontiers in Environmental Science},
  keywords = {framework,governance,resource security,Water-energy-food,Water-energy-food nexus (WEF)},
  language = {English}
}

@article{olawuyiSustainableDevelopmentWaterenergyfood2020,
  title = {Sustainable Development and the Water-Energy-Food Nexus: {{Legal}} Challenges and Emerging Solutions},
  shorttitle = {Sustainable Development and the Water-Energy-Food Nexus},
  author = {Olawuyi, Damilola},
  year = {2020},
  month = jan,
  volume = {103},
  pages = {1--9},
  issn = {1462-9011},
  doi = {10.1016/j.envsci.2019.10.009},
  journal = {Environmental Science \& Policy},
  keywords = {Climate change,Energy,Food,Multi-level governance,Sustainable development,Systemic integration,Water},
  language = {en}
}

@article{kingRapidAssessmentWater2015,
  title = {Rapid Assessment of the Water\textendash{}Energy\textendash{}Food\textendash{}Climate Nexus in Six Selected Basins of {{North Africa}} and {{West Asia}} Undergoing Transitions and Scarcity Threats},
  author = {King, Caroline and Jaafar, Hadi},
  year = {2015},
  month = jul,
  volume = {31},
  pages = {343--359},
  issn = {0790-0627},
  doi = {10.1080/07900627.2015.1026436},
  journal = {International Journal of Water Resources Development},
  keywords = {ecosystem accounting,North Africa,scarcity,water balance,water-energy-food-climate nexus,West Asia},
  number = {3}
}

@techreport{uneceReconcilingResourceUses2015,
  title = {Reconciling Resource Uses in Transboundary Basins: Assessment of the Water-Food-Energy-Ecosystem Nexus},
  author = {{UNECE}},
  year = {2015},
  institution = {{United Nations Economic Commission for Europe}}
}

@article{hoffNexusApproachMENA2019,
  title = {A {{Nexus Approach}} for the {{MENA Region}}\textemdash{{From Concept}} to {{Knowledge}} to {{Action}}},
  author = {Hoff, Holger and Alrahaife, Sajed Aqel and El Hajj, Rana and Lohr, Kerstin and Mengoub, Fatima Ezzahra and Farajalla, Nadim and Fritzsche, Kerstin and Jobbins, Guy and {\"O}zerol, G{\"u}l and Schultz, Robert and Ulrich, Anne},
  year = {2019},
  volume = {7},
  issn = {2296-665X},
  doi = {10.3389/fenvs.2019.00048},
  journal = {Frontiers in Environmental Science},
  keywords = {integrated management,MENA region,Nexus,Policy coherence,synergies,tradeoffs},
  language = {English}
}

@techreport{khaterNorthWesternSahara2014,
  title = {North {{Western Sahara Aquifer System}} ({{NWSAS}}) {{M}}\&{{E Rapid Assessment Report}}},
  author = {Khater, Ahmed R.},
  year = {2014},
  month = mar,
  institution = {{CEDARE}},
}

@techreport{abuzeidNorthWesternSahara2015,
  title = {North {{Western Sahara Aquifer System}} ({{NWSAS}}) 2012 State of the {{Water Report}}},
  author = {AbuZeid, Khaled and Elrawady, Mohamed and {CEDARE}},
  year = {2015},
  institution = {{Monitoring \& Evaluation for Water in North Africa (MEWINA) project, Water Resource Management Program. CEDARE}},
}

@article{bleischwitzResourceNexusPerspectives2018,
  title = {Resource Nexus Perspectives towards the {{United Nations Sustainable Development Goals}}},
  author = {Bleischwitz, Raimund and Spataru, Catalina and VanDeveer, Stacy D. and Obersteiner, Michael and {van der Voet}, Ester and Johnson, Corey and {Andrews-Speed}, Philip and Boersma, Tim and Hoff, Holger and {van Vuuren}, Detlef P.},
  year = {2018},
  month = dec,
  volume = {1},
  pages = {737--743},
  issn = {2398-9629},
  doi = {10.1038/s41893-018-0173-2},
  copyright = {2018 Springer Nature Limited},
  journal = {Nature Sustainability},
  language = {en},
  number = {12}
}

@article{fusoneriniConnectingClimateAction2019,
  title = {Connecting Climate Action with Other {{Sustainable Development Goals}}},
  author = {Fuso Nerini, Francesco and Sovacool, Benjamin and Hughes, Nick and Cozzi, Laura and Cosgrave, Ellie and Howells, Mark and Tavoni, Massimo and Tomei, Julia and Zerriffi, Hisham and Milligan, Ben},
  year = {2019},
  month = aug,
  volume = {2},
  pages = {674--680},
  issn = {2398-9629},
  doi = {10.1038/s41893-019-0334-y},
  journal = {Nature Sustainability},
  language = {en},
  number = {8}
}

@article{fusoneriniMappingSynergiesTradeoffs2018,
  title = {Mapping Synergies and Trade-Offs between Energy and the {{Sustainable Development Goals}}},
  author = {Fuso Nerini, Francesco and Tomei, Julia and To, Long Seng and Bisaga, Iwona and Parikh, Priti and Black, Mairi and Borrion, Aiduan and Spataru, Catalina and Cast{\'a}n Broto, Vanesa and Anandarajah, Gabrial and Milligan, Ben and Mulugetta, Yacob},
  year = {2018},
  month = jan,
  volume = {3},
  pages = {10--15},
  issn = {2058-7546},
  doi = {10.1038/s41560-017-0036-5},
  copyright = {2017 The Publisher},
  journal = {Nature Energy},
  language = {en},
  number = {1}
}

@article{liuNexusApproachesGlobal2018,
  title = {Nexus Approaches to Global Sustainable Development},
  author = {Liu, Jianguo and Hull, Vanessa and Godfray, H. Charles J. and Tilman, David and Gleick, Peter and Hoff, Holger and {Pahl-Wostl}, Claudia and Xu, Zhenci and Chung, Min Gon and Sun, Jing and Li, Shuxin},
  year = {2018},
  month = sep,
  volume = {1},
  pages = {466--476},
  issn = {2398-9629},
  doi = {10.1038/s41893-018-0135-8},
  copyright = {2018 Springer Nature Limited},
  journal = {Nature Sustainability},
  language = {en},
  number = {9}
}

@techreport{WaterSanitationInterlinkages2016,
  title = {Water and {{Sanitation Interlinkages}} across the 2030 {{Agenda}} for {{Sustainable Development}}},
  year = {2016},
  address = {{Geneva}},
  author = {{UN-Water}},
  institution = {{UN-Water}},
  language = {en-US}
}

@article{tortajadaContributionsRecycledWastewater2020,
  title = {Contributions of Recycled Wastewater to Clean Water and Sanitation {{Sustainable Development Goals}}},
  author = {Tortajada, Cecilia},
  year = {2020},
  month = apr,
  volume = {3},
  pages = {1--6},
  issn = {2059-7037},
  doi = {10.1038/s41545-020-0069-3},
  copyright = {2020 The Author(s)},
  journal = {npj Clean Water},
  language = {en},
  number = {1}
}

@article{hettiarachchiSAFEUSEWASTEWATERa,
  title = {SAFE USE OF WASTEWATER IN AGRICULTURE: GOOD PRACTICE EXAMPLES},
  author = {Hettiarachchi, Hiroshan and Ardakanian, Reza},
  pages = {164},
  year = {2016},
  journal = {{Dresden: UNU-FLORES}},
  language = {en}
}

@incollection{zuurbierUseWastewaterManaged2018,
  title = {Use of {{Wastewater}} in {{Managed Aquifer Recharge}} for {{Agricultural}} and {{Drinking Purposes}}: {{The Dutch Experience}}},
  shorttitle = {Use of {{Wastewater}} in {{Managed Aquifer Recharge}} for {{Agricultural}} and {{Drinking Purposes}}},
  booktitle = {Safe {{Use}} of {{Wastewater}} in {{Agriculture}}: {{From Concept}} to {{Implementation}}},
  author = {Zuurbier, Koen and Smeets, Patrick and Roest, Kees and {van Vierssen}, Wim},
  editor = {Hettiarachchi, Hiroshan and Ardakanian, Reza},
  year = {2018},
  pages = {159--175},
  publisher = {{Springer International Publishing}},
  address = {{Cham}},
  doi = {10.1007/978-3-319-74268-7_8},
  isbn = {978-3-319-74268-7},
  keywords = {Aquifer storage and recovery (ASR),Disinfection,Dune infiltration,Managed aquifer recharge (MAR),Pathogens,Wastewater,Water quality indicators},
  language = {en}
}

@incollection{mahjoubPublicAcceptanceWastewater2018,
  title = {Public {{Acceptance}} of {{Wastewater Use}} in {{Agriculture}}: {{Tunisian Experience}}},
  shorttitle = {Public {{Acceptance}} of {{Wastewater Use}} in {{Agriculture}}},
  booktitle = {Safe {{Use}} of {{Wastewater}} in {{Agriculture}}: {{From Concept}} to {{Implementation}}},
  author = {Mahjoub, Olfa and Jemai, Amel and Gharbi, Najet and Arbi, Awatef Messai and Dekhil, Souad},
  editor = {Hettiarachchi, Hiroshan and Ardakanian, Reza},
  year = {2018},
  pages = {131--157},
  publisher = {{Springer International Publishing}},
  address = {{Cham}},
  doi = {10.1007/978-3-319-74268-7_7},
  isbn = {978-3-319-74268-7},
  keywords = {Agriculture,Awareness,Financial feasibility,Ouardanine,Public acceptance,Wastewater irrigation,Water quality},
  language = {en}
}

@incollection{halalshehPolicyGovernanceFramework2018,
  title = {Policy and the {{Governance Framework}} for {{Wastewater Irrigation}}: {{Jordanian Experience}}},
  shorttitle = {Policy and the {{Governance Framework}} for {{Wastewater Irrigation}}},
  booktitle = {Safe {{Use}} of {{Wastewater}} in {{Agriculture}}: {{From Concept}} to {{Implementation}}},
  author = {Halalsheh, Maha and Kassab, Ghada},
  editor = {Hettiarachchi, Hiroshan and Ardakanian, Reza},
  year = {2018},
  pages = {75--99},
  publisher = {{Springer International Publishing}},
  address = {{Cham}},
  doi = {10.1007/978-3-319-74268-7_5},
  isbn = {978-3-319-74268-7},
  keywords = {Agricultural irrigation,Institutional arrangement,Legal framework,Policy implementation,Sanitation,Treated wastewater,Wastewater management},
  language = {en}
}

@article{moEnergyNutrientsWater2013a,
  title = {Energy\textendash{}Nutrients\textendash{}Water Nexus: {{Integrated}} Resource Recovery in Municipal Wastewater Treatment Plants},
  shorttitle = {Energy\textendash{}Nutrients\textendash{}Water Nexus},
  author = {Mo, Weiwei and Zhang, Qiong},
  year = {2013},
  month = sep,
  volume = {127},
  pages = {255--267},
  issn = {0301-4797},
  doi = {10.1016/j.jenvman.2013.05.007},
  journal = {Journal of Environmental Management},
  keywords = {Integrated resource recovery,Life cycle assessment,Nutrient recycling,Onsite energy generation,Water reuse},
  language = {en}
}

@book{UNSDGs2019,
   author = "United Nations",
   title = "The Sustainable Development Goals Report 2019",
   publisher = "United Nations",
   year = "2019",
   pages = 61,
   doi = "10.18356/55eb9109-en" 
}

@article{GARCIA2015154,
title = "Reusing wastewater to cope with water scarcity: Economic, social and environmental considerations for decision-making",
journal = "Resources, Conservation and Recycling",
volume = "101",
pages = "154 - 166",
year = "2015",
issn = "0921-3449",
doi = "https://doi.org/10.1016/j.resconrec.2015.05.015",
author = "X. Garcia and D. Pargament",
keywords = "Wastewater reuse, Cost-benefit analysis, Externalities, Water scarcity, River rehabilitation, Integrated Water Resources Management",
}

@techreport{FAO2015,
	author={FAO/WWC},
	title={{Towards a Water and Food Secure Future: Critical Perspectives for Policy-makers}},
	year={2015},
	Publisher={{Food and Agriculture Organization of the United Nations and World Water Council}},
	institution={{Food and Agriculture Organization of the United Nations and World Water Council}},
	City={Rome and Marseille},
}

@techreport{IFPRI2017,
	author={Perrihan Al-Riffai and Clemens Breisinger and Alam Hossain Mondal and Claudia Ringler and Manfred Wiebelt and Tingju Zhu},
	title={Linking the Economics of Water, Energy, and Food: A Nexus Modeling Approach},
	year={2017},
	institution={International Food Policy Research Institute},
}

@article{Mekonnene1500323,
  title = {Four Billion People Facing Severe Water Scarcity},
  author = {Mekonnen, Mesfin M. and Hoekstra, Arjen Y.},
  year = {2016},
  volume = {2},
  publisher = {American Association for the Advancement of Science},
  doi = {10.1126/sciadv.1500323},
  journal = {Science Advances},
  number = {2}
}

@article{gremillionWastewaterResourceWaterWasteEnergy,
  title = {Wastewater {{As}} a {{Resource}}: {{The Water}}-{{Waste}}-{{Energy Nexus}} in {{Sub}}-{{Saharan Africa}}},
  author = {Gremillion, Paul and Avell{\'a}n, Tamara},
  pages = {4},
  volume = {{Policy Brief No. 01/2016}},
  year = {2016},
  journal = {{Dresden: United Nations University Institute for the Integrated Management of Material Fluxes and of Resources}}
}

@article{herbertGlobalAssessmentCurrent2019,
  title = {Global {{Assessment}} of {{Current}} and {{Future Groundwater Stress With}} a {{Focus}} on {{Transboundary Aquifers}}},
  author = {Herbert, Claudia and D{\"o}ll, Petra},
  year = {2019},
  volume = {55},
  pages = {4760--4784},
  issn = {1944-7973},
  doi = {10.1029/2018WR023321},
  copyright = {\textcopyright{}2019. The Authors.},
  journal = {Water Resources Research},
  keywords = {climate change impacts,global-scale groundwater stress indicators,global-scale modeling,transboundary aquifers},
  language = {en},
  number = {6}
}

@article{almullaNWSAS,
  title = {A {GIS-based} approach to inform agriculture-water-energy nexus planning in the {North Western Sahara Aquifer System (NWSAS)}},
  author = {Almulla, Youssef and Ramirez, Camilo and Pegios, Konstantinos and Korkovelos, Alexandros and de strasser, Lucia and Lipponen, Annukka and Howells, Mark},
  year = {Forthcoming},
  journal = {Submitted to Sustainability},
}

@misc{WorldClimGlobalClimate,
  title = {{{WorldClim}} - {{Global Climate Data}}},
  year = {2020},
  howpublished = {http://www.worldclim.org/}
}

@misc{pyeto,
	author={Richards, M},
	title={PyETo — pyeto 0.2 documentation [WWW Document]},
	year={2015},
	howpublished = {\url{https://pyeto.readthedocs.io/en/latest/index.html}},
	note = {Accessed: 2019-08-15},
}

@article{allenFAOIrrigationDrainage1998,
  title = {{{FAO Irrigation}} and Drainage Paper {{No}}. 56},
  author = {Allen, Richard G. and Pereira, Luis S. and Raes, D. and Smith, Martin},
  year = {1998},
  volume = {56},
  pages = {e156},
  journal = {Rome: Food and Agriculture Organization of the United Nations},
  number = {97}
}

@book{unescoWastewaterUntappedResource2017,
  title = {Wastewater: The Untapped Resource},
  editor = {Unesco},
  year = {2017},
  publisher = {{UNESCO}},
  address = {{Paris}},
  isbn = {978-92-3-100201-4},
  keywords = {Literature review},
  language = {eng},
  note = {OCLC: 989085577},
  number = {2017},
  series = {The {{United Nations}} World Water Development Report}
}

@book{fao1985water,
	title={Water quality for agriculture},
	author={Ayers, Robert S and Westcot, Dennis W},
	volume={29},
	year={1985},
	publisher={Food and Agriculture Organization of the United Nations Rome}
}

@article{stillwellPredictingSpecificEnergy2016,
  title = {Predicting the {{Specific Energy Consumption}} of {{Reverse Osmosis Desalination}}},
  author = {Stillwell, Ashlynn S. and Webber, Michael E.},
  year = {2016},
  month = dec,
  volume = {8},
  pages = {601},
  issn = {2073-4441},
  doi = {10.3390/w8120601},
  journal = {Water},
  note = {WOS:000392480200054},
  number = {12}
}

@book{ramirezgomezTechnoeconomicGISbasedModel2018,
  title = {A Techno-Economic {{GIS}}-Based Model for Waste Water Treatment and Reuse Feasibility in the {{North Western Sahara Aquifer System}}},
  author = {Ramirez, Camilo},
  year = {2018},
  publisher = {DiVA portal},
  language = {eng}
}

@INPROCEEDINGS{GeospatialLevelizedCost2015, 
	author={A. Castillo-Ramírez and D. Mejía-Giraldo and J. D. Giraldo-Ocampo}, 
	booktitle={2015 IEEE PES Innovative Smart Grid Technologies Latin America (ISGT LATAM)}, 
	title={Geospatial levelized cost of energy in Colombia: GeoLCOE}, 
	year={2015}, 
	volume={}, 
	number={}, 
	pages={298-303},
	doi={10.1109/ISGT-LA.2015.7381171}, 
	ISSN={}, 
	month={10}
}

@article{prospectscostcompetitive2013,
	title = {The Prospects for Cost Competitive Solar {{PV}} Power},
	volume = {55},
	issn = {0301-4215},
	doi = {10.1016/j.enpol.2012.11.003},
	journal = {Special section: Long Run Transitions to Sustainable Economic Structures in the European Union and Beyond},
	shortjournal = {Energy Policy},
	year = {2013},
	pages = {117-127},
	keywords = {Levelized cost of electricity,Public subsidies,Solar power},
	author = {Reichelstein, Stefan and Yorston, Michael},
}

@article{Energypatternanalysis2012,
  title = {Energy Pattern Analysis of a Wastewater Treatment Plant},
  volume = {2},
  issn = {2190-5495},
  doi = {10.1007/s13201-012-0040-7},
  number = {3},
  journal = {Applied Water Science},
  shortjournal = {Applied Water Science},
  year = {2012},
  pages = {221-226},
  author = {Singh, Pratima and Carliell-Marquet, Cynthia and Kansal, Arun},
}

@book{Economicvaluationwastewater2015,
	langid = {english},
	location = {{Nairobi, Kenya}},
	title = {Economic Valuation of Wastewater: The Cost of Action and the Cost of No Action},
	isbn = {978-92-807-3474-4},
	shorttitle = {Economic Valuation of Wastewater},
	pagetotal = {68},
	publisher = {{United Nations Environment Programme}},
	year = {2015},
	author = {Hern{\'a}ndez-Sancho, Francesc and Lamizana-Diallo, Birguy and Mateo-Sagasta, Javier and Qadir, Manzoor},
	note = {OCLC: ocn983601907}
}

@article{Economicfeasibility2012,
	title = {Economic Feasibility Study for New Technological Alternatives in Wastewater Treatment Processes: A Review},
	volume = {65},
	doi = {10.2166/wst.2012.936},
	number = {5},
	journal = {Water Science and Technology},
	year = {2012},
	pages = {898},
	author = {Molinos-Senante, María and Hernández-Sancho, Francesc and Sala-Garrido, Ramón},
}

@article{ComparativeAnalysisEnergy2017,
	langid = {english},
	title = {Comparative {{Analysis}} of the {{Energy Consumption}} of {{Different Wastewater Treatment Plants}}},
	volume = {3},
	issn = {2472-1107},
	doi = {10.11648/j.ijaaa.20170306.11},
	number = {6},
	journal = {International Journal of Architecture, Arts and Applications},
	urldate = {2018-11-11},
	year = {2017},
	pages = {79},
	author = {Barroso Soares, Renan},
}

@article{Energyrequirementswater2012,
	title = {Energy Requirements for Water Production, Treatment, End Use, Reclamation, and Disposal},
	volume = {16},
	issn = {1364-0321},
	doi = {10.1016/j.rser.2012.05.022},
	number = {7},
	journal = {Renewable and Sustainable Energy Reviews},
	shortjournal = {Renewable and Sustainable Energy Reviews},
	year = {2012},
	pages = {4818-4848},
	author = {Plappally, A.K. and Lienhard V, J.H.},
}

@article{Costmodellingwastewater2011,
	title = {Cost Modelling for Wastewater Treatment Processes},
	volume = {268},
	issn = {0011-9164},
	doi = {10.1016/j.desal.2010.09.042},
	number = {1},
	journal = {Desalination},
	shortjournal = {Desalination},
	year = {2011},
	pages = {1-5},
	author = {Hern{\'a}ndez-Sancho, F. and Molinos-Senante, M. and Sala-Garrido, R.},
}

@article{Assessmentwastewatertreatment2012,
	langid = {english},
	title = {Assessment of Wastewater Treatment Plant Design for Small Communities: {{Environmental}} and Economic Aspects},
	volume = {427-428},
	issn = {00489697},
	doi = {10.1016/j.scitotenv.2012.04.023},
	shorttitle = {Assessment of Wastewater Treatment Plant Design for Small Communities},
	journal = {Science of The Total Environment},
	urldate = {2018-10-31},
	year = {2012},
	pages = {11-18},
	author = {Molinos-Senante, M. and Garrido-Baserba, M. and Reif, R. and Hern{\'a}ndez-Sancho, F. and Poch, M.},
}

@article{scikit-learn,
	title={Scikit-learn: Machine Learning in {P}ython},
	author={Pedregosa, F. and Varoquaux, G. and Gramfort, A. and Michel, V. and Thirion, B. and Grisel, O. and Blondel, M. and Prettenhofer, P. and Weiss, R. and Dubourg, V. and Vanderplas, J. and Passos, A. and Cournapeau, D. and Brucher, M. and Perrot, M. and Duchesnay, E.},
	journal={Journal of Machine Learning Research},
	volume={12},
	pages={2825--2830},
	year={2011}
}

@article{KARABELAS201815,
	title = {Analysis of specific energy consumption in reverse osmosis desalination processes},
	journal = {Desalination},
	volume = {431},
	pages = {15 - 21},
	year = {2018},
	note = {"Desalination, energy and the environment" in honor of Professor Raphael Semiat},
	issn = {0011-9164},
	doi = {10.1016/j.desal.2017.04.006},
	author = {A.J. Karabelas and C.P. Koutsou and M. Kostoglou and D.C. Sioutopoulos},
	keywords = {Specific energy consumption, Itemized contributions, RO membrane desalination, Sea and brackish feed-water}
}

@book{crittenden_mwhs_2012,
	location = {Hoboken, {NJ}, {USA}},
	title = {{MWH}'s Water Treatment: Principles and Design},
	isbn = {978-1-118-13147-3 978-0-470-40539-0},
	shorttitle = {{MWH}'s Water Treatment},
	publisher = {John Wiley \& Sons, Inc.},
	author = {Crittenden, John C. and Trussell, R. Rhodes and Hand, David W. and Howe, Kerry J. and Tchobanoglous, George},
	urldate = {2018-09-27},
	year = {2012},
	langid = {english},
	doi = {10.1002/9781118131473}
}

@TechReport{Energyoptimalgroundwater2013,
	author={Roumasset, James A. and Wada, Christopher},
	title={{Energy Costs and the Optimal Use of Groundwater}},
	year={2013},
	institution={Agricultural and Applied Economics Association},
	type={Allied Social Science Association (ASSA) Annual Meeting, January 3-5, 2014, Philadelphia, PA},
	howpublished = {\url{https://ideas.repec.org/p/ags/aaeass/161892.html}},
	number={161892},
	keywords={Groundwater management; water-energy nexus; dynamic optimization; Land Economics/Use; Resource /Ener},
}

@article{Groundwaterdependentirrigationcosts2017,
	title = {Groundwater-Dependent Irrigation Costs and Benefits for Adaptation to Global Change},
	issn = {1573-1596},
	doi = {10.1007/s11027-017-9767-7},
	journal = {Mitigation and Adaptation Strategies for Global Change},
	shortjournal = {Mitigation and Adaptation Strategies for Global Change},
	year = {2017},
	keywords = {water-energy-food},
	author = {Salem, Golam Saleh Ahmed and Kazama, So and Shahid, Shamsuddin and Dey, Nepal C.},
	note = {External}
}

@article{RegionalGroundwaterStress2013,
	author={Tom Gleeson and Yoshihide Wada},
	title={Assessing regional groundwater stress for nations using multiple data sources with the groundwater footprint},
	journal={Environmental Research Letters},
	volume={8},
	number={4},
	pages={044010},
	doi ={10.1088/1748-9326/8/4/044010},
	year={2013}
}

@Techreport{Aqueductglobalmaps2015,
	langid = {english},
	title = {Aqueduct Global Maps 2.1: Constructing Decision-Relevant Global Water Risk Indicators},
	institution = {{World Resources Institute}},
	type = {working paper},
	year = {2015},
	pages = {31},
	author = {Gassert, Francis and Luck, Matt and Landis, Matt and Reig, Paul and Shiao, Tien},
}

@techreport{ossAgriculturalDemostrationPilots2014,
  title = {Agricultural Demostration Pilots in the Sass Basin},
  author = {{OSS}},
  year = {2014},
  institution = {{Sahara and Sahel Observatory}},
}

@Techreport{Socioeconomicaspectsirrigation2014,
	title = {Socio-Economic Aspects of Irrigation in the {{SASS}} Basin. {{A}} Better Water Valorization for Sustainable Management of the Basin},
	abstract = {OSS},
	author={{Sahara and Sahel Observatory (OSS)}},
	institution = {{Sahara and Sahel Observatory}},
	year = {2014},
}

@article{Householdwaterconsumption2014,
	langid = {english},
	year = {2014},
	location={Gdynia, Poland},
	month={9},
	title={Household water consumption in {Algiers} facing population growth. {Water and Cities, Managing a Vital Relationship}},
	journal={{Proceedings of the 50th ISOCARP Congress, Urban Transformations, Cities and Water}},
	pages = {12},
	author = {Naimi-Ait-Aoudia, Meriem and Berezowska-Azzag, Ewa},
}

@book{BetterValorizationIrrigation2015,
	langid = {english},
	title = {For a {{Better Valorization}} of {{Irrigation Water}} in the {{SASS Basin}}: {{Diagnosis}} and {{Recommendations}}},
	isbn = {978-9973-856-87-6},
	pagetotal = {32},
	publisher = {{Sahara and Sahel Observatory}},
	keywords = {water-food},
	author = {{OSS}},
	year = {2015},
	note = {NWSAS}
}

@misc{ESA2017,
	author={{ESA Climate Change Initiative - Land Cover project}},
	title={{S2 prototype LC 20m map of Africa 2016}},
	year={2017},
	howpublished = {\url{http://2016africalandcover20m.esrin.esa.int/}},
	note = {Accessed: 2018-08-15},
}

@article{ElevationData,
  title = {Africa Digital Elevation Data [{{Dataset}}]},
  author = {{de Ferranti}, Jonathan},
  year = {2014},
  type = {Dataset}
}

@misc{DEM2014,
	author={Jonathan de Ferranti},
	publisher={{Viewfinder Panoramas}},
	title={{African Digital Elevation Data}},
	year={2014},
	location={Scotland},
	type = {Dataset},
	howpublished = {\url{http://viewfinderpanoramas.org/dem3.html}},
	note = {Accessed: 2018-08-15},
}

@misc{IGRAC,
	shortauthor={{IGRAC}},
	author={{IGRAC (International Groundwater Resources Assessment Centre)}},
	publisher={{UNESCO-IHP (UNESCO International Hydrological Programme)}},
	title={{Transboundary Aquifers of the World [map]. Edition 2015. Scale 1 : 50 000 000}},
	year={2015},
	location={Delft, Netherlands},
	howpublished = {\url{https://gadm.org/index.html}},
	note = {Accessed: 2018-08-15},
}

@misc{GADM,
	author={{GADM}},
	title={{Algeria, Tunisia and Libya country boundaries spatial data}},
	year={2018},
	howpublished={\url{https://gadm.org/index.html}},
	note={Accessed: 2018-08-15},
}

@Techreport{Humanitarian2017,
	shortauthor={{United States Government}},
	author={{Humanitarian Information Unit, United States Government}},
	title={{AfricaAmericas LSIB Polygons Simplified}},
	institution = {{United States Government}},
	year={2017},
	urldate = {2018-08-15},
}

@article{Quantitativemapsgroundwater2012a,
	langid = {english},
	title = {Quantitative Maps of Groundwater Resources in {{Africa}}},
	volume = {7},
	issn = {1748-9326},
	doi = {10.1088/1748-9326/7/2/024009},
	number = {2},
	journal = {Environmental Research Letters},
	urldate = {2018-11-22},
	year = {2012},
	pages = {024009},
	author = {MacDonald, A M and Bonsor, H C and Dochartaigh, B \'{E} \'{O} and Taylor, R G}
}

@article{Worldpop2012,
	title = {Population {{Distribution}}, {{Settlement Patterns}} and {{Accessibility}} across {{Africa}} in 2010},
	volume = {7},
	doi = {10.1371/journal.pone.0031743},
	number = {2},
	journal = {PLOS ONE},
	year = {2012},
	pages = {1-8},
	author = {Linard, Catherine and Gilbert, Marius and Snow, Robert W. and Noor, Abdisalan M. and Tatem, Andrew J.},
	publisher = {{Public Library of Science}}
}

@article{akinciAgriculturalLandUse2013a,
  title = {Agricultural Land Use Suitability Analysis Using {{GIS}} and {{AHP}} Technique},
  author = {Ak\i{}nc\i, Halil and {\"O}zalp, Ay{\c s}e Yavuz and Turgut, B{\"u}lent},
  year = {2013},
  month = sep,
  volume = {97},
  pages = {71--82},
  issn = {01681699},
  doi = {10.1016/j.compag.2013.07.006},
  journal = {Computers and Electronics in Agriculture},
  language = {en}
}

@article{aminfardMultilayeredSpatialMethodology2019,
  title = {Multi-Layered Spatial Methodology for Assessing the Technical and Economic Viability of Using Renewable Energy to Power Brackish Groundwater Desalination},
  author = {Aminfard, S. and Davidson, F.T. and Webber, M.E.},
  year = {2019},
  month = jan,
  volume = {450},
  pages = {12--20},
  issn = {00119164},
  doi = {10.1016/j.desal.2018.10.014},
  journal = {Desalination},
  language = {en}
}

@article{AnalyticHierarchyProcess,
  title = {The {{Analytic Hierarchy Process}}},
  pages = {6},
  language = {en}
}

@article{bandyopadhyayAssessmentLandSuitability2009a,
  title = {Assessment of Land Suitability Potentials for Agriculture Using a Remote Sensing and {{GIS}} Based Approach},
  author = {Bandyopadhyay, S. and Jaiswal, R. K. and Hegde, V. S. and Jayaraman, V.},
  year = {2009},
  month = feb,
  volume = {30},
  pages = {879--895},
  issn = {0143-1161, 1366-5901},
  doi = {10.1080/01431160802395235},
  journal = {International Journal of Remote Sensing},
  language = {en},
  number = {4}
}

@article{bronerTailwaterRecoverySurface,
  title = {Tailwater {{Recovery}} for {{Surface Irrigation}}},
  author = {Broner, I},
  pages = {5},
  language = {en}
}

@book{crittendenMWHWaterTreatment2012,
  title = {{{MWH}}'s {{Water Treatment}}: {{Principles}} and {{Design}}},
  shorttitle = {{{MWH}}'s {{Water Treatment}}},
  author = {Crittenden, John C. and Trussell, R. Rhodes and Hand, David W. and Howe, Kerry J. and Tchobanoglous, George},
  year = {2012},
  month = mar,
  publisher = {{John Wiley \& Sons, Inc.}},
  address = {{Hoboken, NJ, USA}},
  doi = {10.1002/9781118131473},
  isbn = {978-1-118-13147-3 978-0-470-40539-0},
  language = {en}
}

@article{elmeddahiAnalysisTreatedWastewater2016,
  title = {Analysis of Treated Wastewater and Feasibility for Reuse in Irrigation: A Case Study from {{Chlef}}, {{Algeria}}},
  shorttitle = {Analysis of Treated Wastewater and Feasibility for Reuse in Irrigation},
  author = {Elmeddahi, Yamina and Mahmoudi, Hacene and Issaadi, Abderrahmane and Goosen, Mattheus F. A.},
  year = {2016},
  month = mar,
  volume = {57},
  pages = {5222--5231},
  issn = {1944-3994},
  doi = {10.1080/19443994.2015.1021999},
  journal = {Desalination and Water Treatment},
  keywords = {Chlef Algeria,Irrigation,Treated wastewater analysis,Wastewater reuse},
  number = {12}
}

@article{feizizadehGISBasedSpatiallyexplicit2014b,
  title = {A {{GIS}} Based Spatially-Explicit Sensitivity and Uncertainty Analysis Approach for Multi-Criteria Decision Analysis},
  author = {Feizizadeh, Bakhtiar and Jankowski, Piotr and Blaschke, Thomas},
  year = {2014},
  month = mar,
  volume = {64},
  pages = {81--95},
  issn = {00983004},
  doi = {10.1016/j.cageo.2013.11.009},
  journal = {Computers \& Geosciences},
  language = {en}
}

@article{feizizadehGISmulticriteriaDecisionAnalysis2013a,
  title = {{{GIS}}-Multicriteria Decision Analysis for Landslide Susceptibility Mapping: Comparing Three Methods for the {{Urmia}} Lake Basin, {{Iran}}},
  shorttitle = {{{GIS}}-Multicriteria Decision Analysis for Landslide Susceptibility Mapping},
  author = {Feizizadeh, Bakhtiar and Blaschke, Thomas},
  year = {2013},
  month = feb,
  volume = {65},
  pages = {2105--2128},
  issn = {0921-030X, 1573-0840},
  doi = {10.1007/s11069-012-0463-3},
  journal = {Natural Hazards},
  language = {en},
  number = {3}
}

@book{finchEstimationOpenWater2005,
  title = {Estimation of Open Water Evaporation: A Review of Methods},
  shorttitle = {Estimation of Open Water Evaporation},
  author = {Finch, J. W and Hall, R. L and {Great Britain} and {Environment Agency}},
  year = {2005},
  publisher = {{Environment Agency}},
  address = {{Bristol}},
  isbn = {978-1-85705-604-4},
  language = {en},
  note = {OCLC: 500339052}
}

@article{hussainSustainableUseManagement2019,
  title = {Sustainable Use and Management of Non-Conventional Water Resources for Rehabilitation of Marginal Lands in Arid and Semiarid Environments},
  author = {Hussain, M. Iftikhar and Muscolo, Adele and Farooq, Muhammad and Ahmad, Waqar},
  year = {2019},
  month = jul,
  volume = {221},
  pages = {462--476},
  issn = {03783774},
  doi = {10.1016/j.agwat.2019.04.014},
  journal = {Agricultural Water Management},
  language = {en}
}

@article{HydrologyAgriculture2020,
  title = {Hydrology (Agriculture)},
  year = {2020},
  month = jan,
  abstract = {Agricultural hydrology is the study of water balance components intervening in agricultural water management, especially in irrigation and drainage.},
  copyright = {Creative Commons Attribution-ShareAlike License},
  journal = {Wikipedia},
  language = {en},
  note = {Page Version ID: 936495629}
}

@article{khoiDelineationSuitableCropland2010a,
  title = {Delineation of {{Suitable Cropland Areas Using}} a {{GIS Based Multi}}-{{Criteria Evaluation Approach}} in the {{Tam Dao National Park Region}}, {{Vietnam}}},
  author = {Khoi, Duong Dang and Murayama, Yuji},
  year = {2010},
  month = jul,
  volume = {2},
  pages = {2024--2043},
  issn = {2071-1050},
  doi = {10.3390/su2072024},
  journal = {Sustainability},
  language = {en},
  number = {7}
}

@article{kjellssonEnergyWaterNexusSpatiallyResolved2015,
  title = {The {{Energy}}-{{Water Nexus}}: {{Spatially}}-{{Resolved Analysis}} of the {{Potential}} for {{Desalinating Brackish Groundwater}} by {{Use}} of {{Solar Energy}}},
  shorttitle = {The {{Energy}}-{{Water Nexus}}},
  author = {Kjellsson, Jill and Webber, Michael},
  year = {2015},
  month = jun,
  volume = {4},
  pages = {476--489},
  issn = {2079-9276},
  doi = {10.3390/resources4030476},
  journal = {Resources},
  language = {en},
  number = {3}
}

@article{macdonaldQuantitativeMapsGroundwater2012,
  title = {Quantitative Maps of Groundwater Resources in {{Africa}}},
  author = {MacDonald, A M and Bonsor, H C and Dochartaigh, B \'{E} \'{O} and Taylor, R G},
  year = {2012},
  month = jun,
  volume = {7},
  pages = {024009},
  issn = {1748-9326},
  doi = {10.1088/1748-9326/7/2/024009},
  journal = {Environmental Research Letters},
  language = {en},
  number = {2}
}

@article{margenotRegionalPhosphorusRe2019,
  title = {Toward a {{Regional Phosphorus}} ({{Re}})Cycle in the {{US Midwest}}},
  author = {Margenot, Andrew J. and Kitt, Dianna and Gramig, Benjamin M. and Berkshire, Taylor B. and Chatterjee, Neha and Hertzberger, Allan J. and Aguiar, Sammy and Furneaux, Aliza and Sharma, Navneet and Cusick, Roland D.},
  year = {2019},
  month = sep,
  volume = {48},
  pages = {1397--1413},
  issn = {0047-2425, 1537-2537},
  doi = {10.2134/jeq2019.02.0068},
  journal = {Journal of Environmental Quality},
  language = {en},
  number = {5}
}

@article{nithyaAssessmentGroundwaterPotential2019a,
  title = {Assessment of Groundwater Potential Zones in {{Chittar}} Basin, {{Southern India}} Using {{GIS}} Based {{AHP}} Technique},
  author = {Nithya, C. Nair and Srinivas, Y. and Magesh, N.S. and Kaliraj, S.},
  year = {2019},
  month = aug,
  volume = {15},
  pages = {100248},
  issn = {23529385},
  doi = {10.1016/j.rsase.2019.100248},
  journal = {Remote Sensing Applications: Society and Environment},
  language = {en}
}

@article{omerEconomicCostsUsing2019,
  title = {Economic Costs of Using Tailwater Recovery Systems for Maintaining Water Quality and Irrigation},
  author = {Omer, A. R. and Henderson, J. E. and Falconer, L. and Krӧger, R. and Allen, P. J.},
  year = {2019},
  month = apr,
  volume = {235},
  pages = {186--193},
  issn = {0301-4797},
  doi = {10.1016/j.jenvman.2019.01.038},
  journal = {Journal of Environmental Management},
  keywords = {Best management practices,Economic analysis,Irrigation,Water quantity,Water reuse},
  language = {en}
}

@article{omerPotentialRecyclingSuspended2018,
  title = {Potential for Recycling of Suspended Solids and Nutrients by Irrigation of Tailwater from Tailwater Recovery Systems},
  author = {Omer, A. R. and Moore, M. T. and Krutz, L. J. and Kr{\"o}ger, R. and Prince Czarnecki, J. M. and Baker, B. H. and Allen, P. J.},
  year = {2018},
  month = aug,
  volume = {18},
  pages = {1396--1405},
  issn = {1606-9749},
  doi = {10.2166/ws.2017.207},
  journal = {Water Supply},
  language = {en},
  number = {4}
}

@article{omerReductionSolidsNutrient2018,
  title = {Reduction of Solids and Nutrient Loss from Agricultural Land by Tailwater Recovery Systems},
  author = {Omer, A. R. and Miranda, L. E. and Moore, M. T. and Krutz, L. J. and Czarnecki, J. M. Prince and Kr{\"o}ger, R. and Baker, B. H. and Hogue, J. and Allen, P. J.},
  year = {2018},
  month = may,
  volume = {73},
  pages = {284--297},
  issn = {0022-4561, 1941-3300},
  doi = {10.2489/jswc.73.3.284},
  copyright = {\textcopyright{} 2018 by the Soil and Water Conservation Society},
  journal = {Journal of Soil and Water Conservation},
  language = {en},
  number = {3}
}

@article{princeczarneckijobym.QuantifyingCaptureUse2017,
  title = {Quantifying {{Capture}} and {{Use}} of {{Tailwater Recovery Systems}}},
  author = {{Prince Czarnecki Joby M.} and {Omer Austin R.} and {Dyer Jamie L.}},
  year = {2017},
  month = jan,
  volume = {143},
  pages = {05016010},
  doi = {10.1061/(ASCE)IR.1943-4774.0001124},
  journal = {Journal of Irrigation and Drainage Engineering},
  number = {1}
}

@article{qadirGlobalRegionalPotential2020,
  title = {Global and Regional Potential of Wastewater as a Water, Nutrient and Energy Source},
  author = {Qadir, Manzoor and Drechsel, Pay and Jim{\'e}nez Cisneros, Blanca and Kim, Younggy and Pramanik, Amit and Mehta, Praem and Olaniyan, Oluwabusola},
  year = {2020},
  month = feb,
  volume = {44},
  pages = {40--51},
  issn = {0165-0203, 1477-8947},
  doi = {10.1111/1477-8947.12187},
  journal = {Natural Resources Forum},
  language = {en},
  number = {1}
}

@article{reinhartSimulatedWaterQuality2019,
  title = {Simulated Water Quality and Irrigation Benefits from Drainage Water Recycling at Two Tile-Drained Sites in the {{U}}.{{S}}. {{Midwest}}},
  author = {Reinhart, Benjamin D. and Frankenberger, Jane R. and Hay, Christopher H. and Helmers, Matthew J.},
  year = {2019},
  month = aug,
  volume = {223},
  pages = {105699},
  issn = {0378-3774},
  doi = {10.1016/j.agwat.2019.105699},
  journal = {Agricultural Water Management},
  keywords = {Nutrient load reduction,Reservoir,Supplemental irrigation,Tile drainage,Water reuse,Water storage},
  language = {en}
}

@article{sakhelVirtualIndustrialWater2017,
  title = {Virtual Industrial Water Usage and Wastewater Generation in the {{Middle East}} and {{North Africa}} 2011\textendash{}2015},
  author = {Sakhel, Simon R. and Geissen, Sven-Uwe and Vogelpohl, Alfons},
  year = {2017},
  month = oct,
  volume = {2},
  issn = {2365-6433, 2365-7448},
  doi = {10.1007/s41207-017-0018-9},
  journal = {Euro-Mediterranean Journal for Environmental Integration},
  language = {en},
  number = {1}
}

@book{tanjiAgriculturalDrainageWater2002,
  title = {Agricultural Drainage Water Management in Arid and Semi-Arid Areas},
  author = {Tanji, Kenneth K. and Kielen, Neeltje C.},
  year = {2002},
  publisher = {{Food and Agriculture Organization of the United Nations}},
  address = {{Rome}},
  collaborator = {{Food {and} Agriculture Organization of the United Nations}},
  file = {C\:\\Users\\camilorg\\Zotero\\storage\\WXLP54QF\\Tanji and Kielen - 2002 - Agricultural drainage water management in arid and.pdf},
  isbn = {978-92-5-104839-9},
  keywords = {Arid regions agriculture,Drainage,Irrigation,Management,Water quality},
  language = {en},
  lccn = {TC812 .T35 2002},
  note = {OCLC: ocm52128590},
  number = {61},
  series = {{{FAO}} Irrigation and Drainage Paper}
}

@article{trinhExploringPotentialWastewater2013,
  title = {Exploring the Potential for Wastewater Reuse in Agriculture as a Climate Change Adaptation Measure for {{Can Tho City}}, {{Vietnam}}},
  author = {Trinh, Long Thi and Duong, Chinh Cong and Van Der Steen, Peter and Lens, Piet N.L.},
  year = {2013},
  month = oct,
  volume = {128},
  pages = {43--54},
  issn = {03783774},
  doi = {10.1016/j.agwat.2013.06.003},
  journal = {Agricultural Water Management},
  language = {en}
}


